@software{nordmann_applied_2022,
  title = {Applied Data Skills},
  author = {Nordmann, Emily and DeBruine, Lisa},
  date = {2022-03},
  doi = {10.5281/zenodo.6365078},
  url = {10.5281/zenodo.6365077},
  organization = {{Zenodo}},
  version = {2.0}
}

@book{wickham_r_nodate,
  title = {R for {{Data Science}}},
  author = {Wickham, Hadley and Ã‡etinkaya-Rundel, Mine and Grolemund, Garrett},
  edition = {2},
  url = {https://r4ds.hadley.nz/}
}
